
@article{david,
  title={Fundamentals of Cellular Networks}, 
  author={David Tipper},
  bibsource = {DBLP,http://www.pitt.edu/~dtipper/2720/2720_Slides4.pdf}

}

@article{wikiKmeans,
  title={k-means clustering},
  author={Wikipedia},
}


@article{gurobiSol,
  title={Mixed-Integer Programming (MIP) â€“ A Primer on the Basics},
  booktitle={https://www.gurobi.com/resource/mip-basics/},
}

@misc{gurobi,
  author = "Gurobi Optimization, LLC",
  title = "Gurobi Optimizer Reference Manual",
  year = 2020,
  url = "http://www.gurobi.com"
}


@article{cost,
  title={RIL plans low-cost telecom towers costing just $\rupee~$ 1 lakhs}, 
  bibsource={DBLP,https://www.moneycontrol.com/news/business/companies/-2003597.html}
}

@inproceedings{maximal,
  title={The maximal covering location problem},
  author={Church, Richard and ReVelle, Charles},
  booktitle={Papers of the regional science association},
  volume={32},
  number={1},
  pages={101--118},
  year={1974},
  organization={Springer-Verlag}
}

